<?xml version="1.0" encoding="UTF-8"?><collection xmlns="http://www.loc.gov/MARC21/slim"><record><leader>00466nam--2200145-i-4500</leader><controlfield tag="001">000027366</controlfield><controlfield tag="002">20161230</controlfield><controlfield tag="005">20161230201036</controlfield><controlfield tag="008">060222s1000------------r-----000-0-eng-d</controlfield><datafield ind1=" " ind2=" " tag="080"><subfield code="a">517.956.224(043)</subfield></datafield><datafield ind1="1" ind2=" " tag="100"><subfield code="a">Kori, Tosiaki</subfield></datafield><datafield ind1="1" ind2="0" tag="245"><subfield code="a">Theorie des espaces foncionnels a nullite et le probleme de neumann sur les espaces harmonique. these</subfield></datafield><datafield ind1=" " ind2=" " tag="260"><subfield code="a">Paris, L`Universite Pierre Et Marie Curie, 1976. 77p</subfield></datafield><datafield ind1=" " ind2=" " tag="852"><subfield code="a">46401</subfield><subfield code="c">517.9</subfield></datafield><datafield ind1=" " ind2=" " tag="CAT"><subfield code="a">Sys</subfield><subfield code="c">20081104</subfield><subfield code="h">095416</subfield></datafield></record></collection>